
@misc{data:sentiment140,
  author       = {Marios Mikaelides Kazanova},
  title        = {Sentiment140},
  year         = {2017},
  url          = {https://www.kaggle.com/kazanova/sentiment140},
}